@article{ahmed2022verifix,
  title={Verifix: Verified repair of programming assignments},
  author={Ahmed, Umair Z and Fan, Zhiyu and Yi, Jooyong and Al-Bataineh, Omar I and Roychoudhury, Abhik},
  journal={ACM Transactions on Software Engineering and Methodology},
  year={2022},
  publisher={ACM New York, NY}
}

@article{chen2021evaluating,
  title={Evaluating large language models trained on code},
  author={Chen, Mark and Tworek, Jerry and Jun, Heewoo and Yuan, Qiming and Pinto, Henrique Ponde de Oliveira and Kaplan, Jared and Edwards, Harri and Burda, Yuri and Joseph, Nicholas and Brockman, Greg and others},
  journal={arXiv preprint arXiv:2107.03374},
  year={2021}
}

@article{fan2022improving,
  title={Improving automatically generated code from Codex via Automated Program Repair},
  author={Fan, Zhiyu and Gao, Xiang and Roychoudhury, Abhik and Tan, Shin Hwei},
  journal={arXiv preprint arXiv:2205.10583},
  year={2022}
}

@article{goues2019automated,
  title={Automated program repair},
  author={Goues, Claire Le and Pradel, Michael and Roychoudhury, Abhik},
  journal={Communications of the ACM},
  volume={62},
  number={12},
  pages={56--65},
  year={2019},
  publisher={ACM New York, NY, USA}
}

@phdthesis{haldeman2021automated,
  title={Automated Feedback Generation for Programming Assignments},
  author={Haldeman, Georgiana},
  year={2021},
  school={Rutgers The State University of New Jersey, School of Graduate Studies}
}

@inproceedings{hu2019re,
  title={Re-factoring based program repair applied to programming assignments},
  author={Hu, Yang and Ahmed, Umair Z and Mechtaev, Sergey and Leong, Ben and Roychoudhury, Abhik},
  booktitle={2019 34th IEEE/ACM International Conference on Automated Software Engineering (ASE)},
  pages={388--398},
  year={2019},
  organization={IEEE}
}

@article{le2021automatic,
  title={Automatic program repair},
  author={Le Goues, Claire and Pradel, Michael and Roychoudhury, Abhik and Chandra, Satish},
  journal={IEEE Software},
  volume={38},
  number={4},
  pages={22--27},
  year={2021},
  publisher={IEEE}
}

@inproceedings{yi2017feasibility,
  title={A feasibility study of using automated program repair for introductory programming assignments},
  author={Yi, Jooyong and Ahmed, Umair Z and Karkare, Amey and Tan, Shin Hwei and Roychoudhury, Abhik},
  booktitle={Proceedings of the 2017 11th Joint Meeting on Foundations of Software Engineering},
  pages={740--751},
  year={2017}
}

@article{zhang1989simple,
  title={Simple fast algorithms for the editing distance between trees and related problems},
  author={Zhang, Kaizhong and Shasha, Dennis},
  journal={SIAM journal on computing},
  volume={18},
  number={6},
  pages={1245--1262},
  year={1989},
  publisher={SIAM}
}

@article{zhang2022repairing,
  title={Repairing Bugs in Python Assignments Using Large Language Models},
  author={Zhang, Jialu and Cambronero, Jos{\'e} and Gulwani, Sumit and Le, Vu and Piskac, Ruzica and Soares, Gustavo and Verbruggen, Gust},
  journal={arXiv preprint arXiv:2209.14876},
  year={2022}
}